<record><leader>00000cas a22000007a 4500</leader><controlfield tag="001">19766099</controlfield><controlfield tag="008">890525d191919uunduwr ne      0    0eng d</controlfield><datafield ind1=" " ind2=" " tag="010"><subfield code="a">sn 89074138 </subfield></datafield><datafield ind1=" " ind2=" " tag="040"><subfield code="a">NOP</subfield><subfield code="b">eng</subfield><subfield code="c">NOP</subfield><subfield code="d">OCLCQ</subfield></datafield><datafield ind1=" " ind2=" " tag="042"><subfield code="a">msc</subfield></datafield><datafield ind1="0" ind2="0" tag="245"><subfield code="a">Dunn County spotlight and Werner record.</subfield></datafield><datafield ind1=" " ind2=" " tag="260"><subfield code="a">Werner, N.D. :</subfield><subfield code="b">Hugh Black</subfield></datafield><datafield ind1=" " ind2=" " tag="300"><subfield code="a">v. :</subfield><subfield code="b">ill. ;</subfield><subfield code="c">56-62 cm.</subfield></datafield><datafield ind1=" " ind2=" " tag="310"><subfield code="a">Weekly</subfield></datafield><datafield ind1="0" ind2=" " tag="362"><subfield code="a">Vol. 1, no. 1 (May 30, 1919)-</subfield></datafield><datafield ind1=" " ind2=" " tag="515"><subfield code="a">Also continues the volume numbering of The Werner record, vol. 5, no. 16-</subfield></datafield><datafield ind1=" " ind2=" " tag="530"><subfield code="a">Available on microfilm from the State Historical Society of North Dakota.</subfield></datafield><datafield ind1=" " ind2=" " tag="752"><subfield code="a">United States</subfield><subfield code="b">North Dakota</subfield><subfield code="c">Dunn</subfield><subfield code="d">Werner.</subfield></datafield><datafield ind1="0" ind2="0" tag="780"><subfield code="t">Werner record</subfield><subfield code="w">(DLC)sn 89074137</subfield></datafield><datafield ind1="0" ind2="0" tag="785"><subfield code="t">Dunn County spotlight</subfield><subfield code="w">(DLC)sn 89074132</subfield></datafield></record>